<record><leader>03724cam a2200505 i 4500</leader><controlfield tag="001">6805055</controlfield><controlfield tag="003">OCoLC</controlfield><controlfield tag="005">20150324115959.0</controlfield><controlfield tag="008">140602t20152015inu      b   s001 0 eng c</controlfield><datafield ind1=" " ind2=" " tag="010"><subfield code="a">  2014021491</subfield></datafield><datafield ind1=" " ind2=" " tag="015"><subfield code="a">GBB4D2940</subfield><subfield code="2">bnb</subfield></datafield><datafield ind1="7" ind2=" " tag="016"><subfield code="a">016954113</subfield><subfield code="2">Uk</subfield></datafield><datafield ind1=" " ind2=" " tag="020"><subfield code="a">9780253015198 (hardcover : alk. paper)</subfield></datafield><datafield ind1=" " ind2=" " tag="020"><subfield code="a">0253015197 (hardcover : alk. paper)</subfield></datafield><datafield ind1=" " ind2=" " tag="020"><subfield code="a">9780253015242 (pbk. : alk. paper)</subfield></datafield><datafield ind1=" " ind2=" " tag="020"><subfield code="a">0253015243 (pbk. : alk. paper)</subfield></datafield><datafield ind1=" " ind2=" " tag="020"><subfield code="z">9780253015303 (ebook)</subfield></datafield><datafield ind1=" " ind2=" " tag="020"><subfield code="z">0253015308 (ebook)</subfield></datafield><datafield ind1=" " ind2=" " tag="020"><subfield code="z">9780253015303 (ebook)</subfield></datafield><datafield ind1=" " ind2=" " tag="035"><subfield code="a">ocn880960109</subfield></datafield><datafield ind1=" " ind2=" " tag="039"><subfield code="a">exclude</subfield></datafield><datafield ind1=" " ind2=" " tag="040"><subfield code="a">IEN/DLC</subfield><subfield code="b">eng</subfield><subfield code="e">rda</subfield><subfield code="c">INU</subfield><subfield code="d">DLC</subfield><subfield code="d">OCLCO</subfield><subfield code="d">UKMGB</subfield><subfield code="d">OCLCF</subfield><subfield code="d">OCLCO</subfield><subfield code="d">YDXCP</subfield><subfield code="d">BTCTA</subfield><subfield code="d">BDX</subfield><subfield code="d">CDX</subfield><subfield code="d">AEU</subfield></datafield><datafield ind1=" " ind2=" " tag="042"><subfield code="a">pcc</subfield></datafield><datafield ind1=" " ind2=" " tag="043"><subfield code="a">f------</subfield></datafield><datafield ind1="0" ind2="0" tag="050"><subfield code="a">BL2400</subfield><subfield code="b">.N47 2015</subfield></datafield><datafield ind1="0" ind2="4" tag="082"><subfield code="a">302.23096</subfield><subfield code="2">23</subfield></datafield><datafield ind1=" " ind2=" " tag="090"><subfield code="a">BL2400 .N47 2015</subfield><subfield code="b">AEGMCT</subfield></datafield><datafield ind1="0" ind2="0" tag="245"><subfield code="a">New media and religious transformations in Africa /</subfield><subfield code="c">edited by Rosalind I.J. Hackett and Benjamin F. Soares ; foreword by Francis B. Nyamnjoh.</subfield></datafield><datafield ind1=" " ind2="1" tag="264"><subfield code="a">Bloomington ;</subfield><subfield code="a">Indianapolis :</subfield><subfield code="b">Indiana University Press,</subfield><subfield code="c">[2015]</subfield></datafield><datafield ind1=" " ind2="4" tag="264"><subfield code="c">&#169;2015</subfield></datafield><datafield ind1=" " ind2=" " tag="300"><subfield code="a">xii, 316 pages ;</subfield><subfield code="c">24 cm</subfield></datafield><datafield ind1=" " ind2=" " tag="336"><subfield code="a">text</subfield><subfield code="2">rdacontent</subfield></datafield><datafield ind1=" " ind2=" " tag="337"><subfield code="a">unmediated</subfield><subfield code="2">rdamedia</subfield></datafield><datafield ind1=" " ind2=" " tag="338"><subfield code="a">volume</subfield><subfield code="2">rdacarrier</subfield></datafield><datafield ind1=" " ind2=" " tag="504"><subfield code="a">Includes bibliographical references and index.</subfield></datafield><datafield ind1="0" ind2="0" tag="505"><subfield code="t">Introduction: New media and religious transformations in Africa /</subfield><subfield code="r">Rosalind I. J. Hackett and Benjamin F. Soares --</subfield><subfield code="g">Part 1. "Old" media: print and radio --</subfield><subfield code="t">A history of Sauti ya Mvita ("Voice of Mombasa"): radio, public culture, and Islam in coastal Kenya, 1947-1966 /</subfield><subfield code="r">James R. Brennan --</subfield><subfield code="t">Between standardization and pluralism: the Islamic printing market and its social spaces in Bamako, Mali /</subfield><subfield code="r">Francesco Zappa --</subfield><subfield code="t">Binary Islam: media and religious movements in Nigeria /</subfield><subfield code="r">Brian Larkin --</subfield><subfield code="t">Muslim community radio stations: constructing and shaping identities in a democratic South Africa /</subfield><subfield code="r">Muhammed Haron --</subfield><subfield code="g">Part 2. New media and media worlds --</subfield><subfield code="t">Mediating transcendence: popular film, visuality, and religious experience in West Africa /</subfield><subfield code="r">Johannes Merz --</subfield><subfield code="t">The heart of man: Pentecostal emotive style in and beyond Kinshasa's media world /</subfield><subfield code="r">Katrien Pype --</subfield><subfield code="t">Islamic communication and mass media in Cameroon /</subfield><subfield code="r">Hamadou Adama --</subfield><subfield code="t">"We are on the Internet": contemporary Pentecostalism in Africa and the new culture of online religion /</subfield><subfield code="r">J. Kwabena Asamoah-Gyadu --</subfield><subfield code="t">Conveying Islam: Arab Islamic satellite channels as new players /</subfield><subfield code="r">Ehab Galal --</subfield><subfield code="t">Religious discourse in the new media: a case study of Pentecostal discourse communities of SMS users in south-western Nigeria /</subfield><subfield code="r">Rotimi Taiwo --</subfield><subfield code="g">Part 3. Arenas of exchange, competition, and conflict --</subfield><subfield code="t">Media Afrikania: styles and strategies of representing "Afrikan traditional religion" in Ghana /</subfield><subfield code="r">Marleen de Witte --</subfield><subfield code="t">&#350;enwele Jesu: gospel music and religious publics in Nigeria /</subfield><subfield code="r">Vicki L. Brennan --</subfield><subfield code="t">Managing miracles: law, authority, and the regulationof religious broadcasting in Nigeria /</subfield><subfield code="r">Asonzeh Ukah --</subfield><subfield code="t">Living across digital landscapes: Muslims, Orthodox Christians, and an Indian guru in Ethiopia /</subfield><subfield code="r">Samson A. Bezabeh --</subfield><subfield code="t">Zulu dreamscapes: senses, media, and authentication in contemporary neo-Shamanism /</subfield><subfield code="r">David Chidester.</subfield></datafield><datafield ind1=" " ind2=" " tag="596"><subfield code="a">29</subfield></datafield><datafield ind1=" " ind2="0" tag="650"><subfield code="a">Mass media in religion</subfield><subfield code="z">Africa.</subfield></datafield><datafield ind1=" " ind2="0" tag="650"><subfield code="a">Social media</subfield><subfield code="x">Religious aspects.</subfield></datafield><datafield ind1=" " ind2="0" tag="650"><subfield code="a">Social media</subfield><subfield code="z">Africa.</subfield></datafield><datafield ind1=" " ind2="0" tag="651"><subfield code="a">Africa</subfield><subfield code="x">Religion</subfield><subfield code="y">21st century.</subfield></datafield><datafield ind1="1" ind2=" " tag="700"><subfield code="a">Hackett, Rosalind I. J.,</subfield><subfield code="e">editor.</subfield></datafield><datafield ind1="1" ind2=" " tag="700"><subfield code="a">Soares, Benjamin F.,</subfield><subfield code="e">editor.</subfield></datafield><datafield ind1=" " ind2=" " tag="949"><subfield code="a">BL2400 .N47 2015</subfield><subfield code="h">GMCT-OS-B</subfield><subfield code="i">1007408907</subfield><subfield code="p">42.50</subfield><subfield code="k">AVAIL_SOON</subfield></datafield><datafield ind1=" " ind2=" " tag="926"><subfield code="a">BL2400 .N47 2015</subfield><subfield code="w">LC</subfield><subfield code="c">1</subfield><subfield code="i">1007408907</subfield><subfield code="d">2/24/2017</subfield><subfield code="l">ON_SHELF</subfield><subfield code="m">GR_MACEWAN</subfield><subfield code="p">$42.50</subfield><subfield code="r">Y</subfield><subfield code="s">Y</subfield><subfield code="t">BOOK</subfield><subfield code="u">3/31/2015</subfield></datafield></record>